@article{Noether_1971,  
	year = 1971,
	month = {jan},
	publisher = {Informa {UK} Limited},
  
	volume = {1},
  
	number = {3},
  
	pages = {186--207},
  
	author = {Emmy Noether},
  
	title = {Invariant variation problems},
  
	journal = {Transport Theory and Statistical Physics}
}

@book{carroll2019spacetime,
  title={Spacetime and Geometry},
  author={Carroll, Sean M},
  year={2019},
  publisher={Cambridge University Press}
}
