% Bibtex for the disertation critique

@misc{2016:lungberg,  
  author = {Lundberg, Scott and Lee, Su-In},
  
  keywords = {Artificial Intelligence (cs.AI), FOS: Computer and information sciences, FOS: Computer and information sciences},
  
  title = {An unexpected unity among methods for interpreting model predictions},
  
  publisher = {arXiv},
  
  year = {2016},
  
  copyright = {arXiv.org perpetual, non-exclusive license}
}

@inproceedings{2016:Ribeioro,
author = {Ribeiro, Marco Tulio and Singh, Sameer and Guestrin, Carlos},
title = {"Why Should I Trust You?": Explaining the Predictions of Any Classifier},
year = {2016},
isbn = {9781450342322},
publisher = {Association for Computing Machinery},
address = {New York, NY, USA},
pages = {1135–1144},
numpages = {10},
location = {San Francisco, California, USA},
series = {KDD '16}
}

  @inproceedings{2007:zaidan,
  title={Using “annotator rationales” to improve machine learning for text categorization},
  author={Zaidan, Omar and Eisner, Jason and Piatko, Christine},
  booktitle={Human language technologies 2007: The conference of the North American chapter of the association for computational linguistics; proceedings of the main conference},
  pages={260--267},
  year={2007}
}

@article{breiman2001random,
  title={Random forests},
  author={Breiman, Leo},
  journal={Machine learning},
  volume={45},
  number={1},
  pages={5--32},
  year={2001},
  publisher={Springer}
}

@article{zhou2018diverse,
  title={Diverse ensemble evolution: Curriculum data-model marriage},
  author={Zhou, Tianyi and Wang, Shengjie and Bilmes, Jeff A},
  journal={Advances in Neural Information Processing Systems},
  volume={31},
  year={2018}
}

@article{goodfellow2014generative,
  title={Generative adversarial nets},
  author={Goodfellow, Ian and Pouget-Abadie, Jean and Mirza, Mehdi and Xu, Bing and Warde-Farley, David and Ozair, Sherjil and Courville, Aaron and Bengio, Yoshua},
  journal={Advances in neural information processing systems},
  volume={27},
  year={2014}
}

@article{kurakin2016adversarial,
  title={Adversarial machine learning at scale},
  author={Kurakin, Alexey and Goodfellow, Ian and Bengio, Samy},
  journal={arXiv preprint arXiv:1611.01236},
  year={2016}
}

@article{lipton2018mythos,
  title={The Mythos of Model Interpretability: In machine learning, the concept of interpretability is both important and slippery.},
  author={Lipton, Zachary C},
  journal={Queue},
  volume={16},
  number={3},
  pages={31--57},
  year={2018},
  publisher={ACM New York, NY, USA}
}

@book{lewis1982using,
  title={Using the" thinking-aloud" method in cognitive interface design},
  author={Lewis, Clayton},
  year={1982},
  publisher={IBM TJ Watson Research Center Yorktown Heights}
}


@article{miller2019explanation,
  title={Explanation in artificial intelligence: Insights from the social sciences},
  author={Miller, Tim},
  journal={Artificial intelligence},
  volume={267},
  pages={1--38},
  year={2019},
  publisher={Elsevier}
}

@article{bengio2013representation,
  title={Representation learning: A review and new perspectives},
  author={Bengio, Yoshua and Courville, Aaron and Vincent, Pascal},
  journal={IEEE transactions on pattern analysis and machine intelligence},
  volume={35},
  number={8},
  pages={1798--1828},
  year={2013},
  publisher={IEEE}
}

