 @article{jin_chen_sudjianto_2005, title={An efficient algorithm for constructing optimal design of computer experiments}, volume={134}, DOI={10.1016/j.jspi.2004.02.014}, number={1}, journal={Journal of Statistical Planning and Inference}, author={Jin, Ruichen and Chen, Wei and Sudjianto, Agus}, year={2005}, pages={268–287}}
 
  @article{hickernell_1998, title={A generalized discrepancy and quadrature error bound}, volume={67}, DOI={10.1090/s0025-5718-98-00894-1}, number={221}, journal={Mathematics of Computation}, author={Hickernell, Fred}, year={1998}, pages={299–322}}
  
  @article{yang2021hyperparameter,
  title={Hyperparameter Optimization via Sequential Uniform Designs},
  author={Yang, Zebin and Zhang, Aijun},
  journal={Journal of Machine Learning Research},
  volume={22},
  number={149},
  pages={1--47},
  year={2021}
}